@online{GoogleBenchmark,
    author = {Google},
    title = {benchmark A microbenchmark support library},
    url = {https://google.github.io/benchmark/},
    year = {2024},
    urldate = {2024-06-10}
}

@book{AlgorithmenUndDatenstrukturen,
	address = {Wiesbaden [Heidelberg]},
	edition = {2., aktualisierte Auflage},
	title = {Algorithmen und {Datenstrukturen}: {Grundlagen} und probabilistische {Methoden} für den {Entwurf} und die {Analyse}},
	isbn = {978-3-658-32714-9 978-3-658-32713-2},
	publisher = {Springer Vieweg},
	author = {Knebl, Helmut},
	year = {2021},
}

@book{Statistik,
	address = {Berlin, Boston},
	title = {Statistik: Grundlagen und Methodik},
	isbn = {978-3-110-35388-4},
	publisher = {De Gruyter Oldenbourg},
	author = {Stocker, Toni C. and Steinke, Ingo},
	year = {2017},
}

@online{SapHanaCreateCalcViews,
    author = {SAP},
    title = {SAP HANA Cloud, SAP HANA Database Modeling Guide for SAP Web IDE Full-Stack},
    subtitle = {Creating Calculation Views},
    url = {https://help.sap.com/docs/hana-cloud-database/sap-hana-cloud-sap-hana-database-modeling-guide-for-sap-web-ide-full-stack/creating-graphical-calculation-view},
    year = {2024},
    urldate = {2024-07-09}
}

@online{SapHanaSupportedViewNodes,
    author = {SAP},
    title = {SAP HANA Cloud, SAP HANA Database Modeling Guide for SAP Web IDE Full-Stack},
    subtitle = {Supported View Nodes for Modeling Calculation Views},
    url = {https://help.sap.com/docs/hana-cloud-database/sap-hana-cloud-sap-hana-database-modeling-guide-for-sap-web-ide-full-stack/supported-view-nodes-for-modeling-calculation-views?version=2024_2_QRC},
    year = {2024},
    urldate = {2024-07-09}
}
@online{SapHanaExecutionEngines,
    author = {SAP},
    title = {SAP HANA Cloud, SAP HANA Database Performance Guide for Developers},
    subtitle = {Query Execution Engine Overview},
    url = {https://help.sap.com/docs/hana-cloud-database/sap-hana-cloud-sap-hana-database-performance-guide-for-developers/query-execution-engine-overview?q=Hana%20execution%20engine},
    year = {2024},
    urldate = {2024-07-09}
}

@book{EmpirischeMethoden,
	address = {Wiesbaden [Heidelberg]},
	edition = {8., vollständig überarbeitete und erweiterte Auflage},
	title = {Methoden der empirischen {Kommunikationsforschung}: eine {Einführung}},
	isbn = {978-3-658-34195-4 978-3-658-34194-7},
	publisher = {Springer VS},
	author = {Brosius, Hans-Bernd and Haas, Alexander and Unkel, Julian},
	year = {2022},
}

@book{ExperimentalMethods,
	address = {Berlin [Heidelberg]},
	title = {Experimental methods for the analysis of optimization algorithms},
	isbn = {978-3-642-02537-2},
	publisher = {Springer},
	editor = {Bartz-Beielstein, Thomas},
	year = {2010},
}

@Inbook{ExperimentalAnalysis,
author={McGeoch, Catherine C.},
editor={Pardalos, Panos M. and Romeijn, H. Edwin},
title={Experimental Analysis of Algorithms},
bookTitle={Handbook of Global Optimization: Volume 2},
year={2002},
publisher={Springer US},
address={Boston, MA},
pages={489--513},
isbn={978-1-4757-5362-2},
doi={10.1007/978-1-4757-5362-2_14},
}

@book{Mengenlehre,
	address = {Berlin [Heidelberg]},
	edition = {5. Auflage},
	title = {Einführung in die {Mengenlehre}},
	isbn = {9783662638651},
	publisher = {Springer Spektrum},
	author = {Ebbinghaus, Heinz-Dieter},
	year = {2021},
}

@INPROCEEDINGS{RoundRobin,
  author={Parekh, Harshal Bharatkumar and Chaudhari, Sheetal},
  booktitle={2016 International Conference on Global Trends in Signal Processing, Information Computing and Communication (ICGTSPICC)}, 
  title={Improved Round Robin CPU scheduling algorithm: Round Robin, Shortest Job First and priority algorithm coupled to increase throughput and decrease waiting time and turnaround time}, 
  year={2016},
  volume={},
  number={},
  pages={184-187},
  keywords={Switches;Round robin;Context;Signal processing algorithms;Algorithm design and analysis;Heuristic algorithms;RR;SJF;Priority;Waiting Time;Turn Around Time;Context Switch;CPU Scheduling;Time Quantum},
  doi={10.1109/ICGTSPICC.2016.7955294},
  isbn={978-1-5090-0467-6}
}

@Manual{R,
    title = {R: A Language and Environment for Statistical Computing},
    author = {{R Core Team}},
    organization = {R Foundation for Statistical Computing},
    address = {Vienna, Austria},
    year = {2024},
    url = {https://www.R-project.org/},
    note = {R Version 4.4.1}
}
@Book{ggplot2,
    author = {Hadley Wickham},
    title = {ggplot2: Elegant Graphics for Data Analysis},
    publisher = {Springer-Verlag New York},
    year = {2016},
    isbn = {978-3-319-24277-4},
    url = {https://ggplot2.tidyverse.org},
    note = {ggplot2 Version 3.5.1}
}
@Manual{dplyr,
    title = {dplyr: A Grammar of Data Manipulation},
    author = {Hadley Wickham and Romain François and Lionel Henry and Kirill Müller and Davis Vaughan},
    year = {2023},
    url = {https://CRAN.R-project.org/package=dplyr},
    note = {dplyr Version 1.1.4},
}
@manual{python,
  title={{Python Language Reference}},
  author={{Python Software Foundation}},
  year={2023},
  url={https://www.python.org/},
  urldate={2024-07-09},
  note={Python Version 3.12},
}
 @ARTICLE{numpy,
  author  = {Harris, Charles R. and Millman, K. Jarrod and van der Walt, Stéfan J and Gommers, Ralf and Virtanen, Pauli and Cournapeau, David and Wieser, Eric and Taylor, Julian and Berg, Sebastian and Smith, Nathaniel J. and Kern, Robert and Picus, Matti and Hoyer, Stephan and van Kerkwijk, Marten H. and Brett, Matthew and Haldane, Allan and Fernández del Río, Jaime and Wiebe, Mark and Peterson, Pearu and Gérard-Marchant, Pierre and Sheppard, Kevin and Reddy, Tyler and Weckesser, Warren and Abbasi, Hameer and Gohlke, Christoph and Oliphant, Travis E.},
  title   = {Array programming with {NumPy}},
  journal = {Nature},
  year    = {2020},
  volume  = {585},
  pages   = {357–362},
  doi     = {10.1038/s41586-020-2649-2},
  note={NumPy Version 2.0.1}
} 
@ARTICLE{scipy,
  author  = {Virtanen, Pauli and Gommers, Ralf and Oliphant, Travis E. and Haberland, Matt and Reddy, Tyler and Cournapeau, David and Burovski, Evgeni and Peterson, Pearu and Weckesser, Warren and Bright, Jonathan and {van der Walt}, St{\'e}fan J. and Brett, Matthew and Wilson, Joshua and Millman, K. Jarrod and Mayorov, Nikolay and Nelson, Andrew R. J. and Jones, Eric and Kern, Robert and Larson, Eric and Carey, C J and Polat, {\.I}lhan and Feng, Yu and Moore, Eric W. and {VanderPlas}, Jake and Laxalde, Denis and Perktold, Josef and Cimrman, Robert and Henriksen, Ian and Quintero, E. A. and Harris, Charles R. and Archibald, Anne M. and Ribeiro, Ant{\^o}nio H. and Pedregosa, Fabian and {van Mulbregt}, Paul and {SciPy 1.0 Contributors}},
  title   = {{{SciPy} 1.0: Fundamental Algorithms for Scientific Computing in Python}},
  journal = {Nature Methods},
  year    = {2020},
  volume  = {17},
  pages   = {261--272},
  doi     = {10.1038/s41592-019-0686-2},
  note={SciPy Version 1.14.0}
}
@article{matplotlib,
  title={Matplotlib: A 2D graphics environment},
  author={Hunter, John D},
  journal={Computing in science \& engineering},
  volume={9},
  number={3},
  pages={90--95},
  year={2007},
  publisher={IEEE},
  note={Matplotlib Version 3.9.0}
}
@article{scikitlearn,
  title={Scikit-learn: Machine learning in Python},
  author={Pedregosa, Fabian and Varoquaux, Ga{\"e}l and Gramfort, Alexandre and Michel, Vincent and Thirion, Bertrand and Grisel, Olivier and Blondel, Mathieu and Prettenhofer, Peter and Weiss, Ron and Dubourg, Vincent and others},
  journal={Journal of machine learning research},
  volume={12},
  number={Oct},
  pages={2825--2830},
  year={2011},
  note={scikit-learn Version 1.5.1}
}
@misc{pandas,
  title={Proceedings of the 9th Python in Science Conference},
  author={McKinney, Wes and van der Walt, St{\'e}fan and Millman, Jarrod},
  year={2010},
  publisher={Austin, Texas},
  note={pandas Version 2.2.3}
}

@book{ProgrammingPearls,
  title={More programming pearls},
  author={Bentley, Jon Louis},
  year={1988},
  publisher={Addison-Wesley},
  isbn = {0-201-11889-0},
}

@book{c++_performance,
	address = {Birmingham},
	title = {C++ {High} {Performance}: {Boost} and optimize the performance of your {C}++17 code.},
	isbn = {9781787124776},
	shorttitle = {C++ high performance},
	publisher = {Packt Publishing},
	author = {Andrist, Björn and Sehr, Viktor},
	year = {2018},
}
