@online{GoogleBenchmark,
    author = {Google},
    title = {benchmark A microbenchmark support library},
    url = {https://google.github.io/benchmark/},
    year = {2024},
    urldate = {2024-06-10}
}

@book{AlgorithmenUndDatenstrukturen,
    author = {Knebl, Helmut},
    isbn = {9783658327149},
    publisher = {Springer Vieweg},
    series = {Springer eBook Collection},
    title = {Algorithmen und Datenstrukturen: Grundlagen und probabilistische Methoden für den Entwurf und die Analyse / Helmut Knebl.},
    year = {2021},
}

@book{GrundlagenDerWahrscheinlichkeitsrechnung,
    author={Cramer, Erhard and Kamps, Udo},
    title={Grundlagen der Wahrscheinlichkeitsrechnung und Statistik: Eine Einf{\"u}hrung f{\"u}r Studierende der Informatik, der Ingenieur- und Wirtschaftswissenschaften},
    year={2020},
    publisher={Springer Berlin Heidelberg},
    address={Berlin, Heidelberg},
    isbn="978-3-662-60552-3",
}
@book{Statistik,
    title = {Statistik},
    title = {Grundlagen und Methodik},
    author = {Toni C. Stocker and Ingo Steinke},
    publisher = {De Gruyter Oldenbourg},
    address = {Berlin, Boston},
    isbn = {9783110353891},
    year = {2017},
}
@article{CorrelationBetweenRelatives,
    title={XV.—The Correlation between Relatives on the Supposition of Mendelian Inheritance.}, 
    volume={52},
    DOI={10.1017/S0080456800012163},
    number={2},
    journal={Transactions of the Royal Society of Edinburgh},
    author={Fisher, R. A.},
    year={1919},
    pages={399–433}
}

@article{ContributionsToTheMathematicalTheory,
    ISSN = {02643820},
    URL = {http://www.jstor.org/stable/90667},
    author = {Karl Pearson},
    journal = {Philosophical Transactions of the Royal Society of London. A},
    pages = {71--110},
    publisher = {Royal Society},
    title = {Contributions to the Mathematical Theory of Evolution},
    urldate = {2024-06-24},
    volume = {185},
    year = {1894}
}
